@BOOK{Murphy2022-et,
  title     = "Probabilistic machine learning",
  author    = "Murphy, Kevin P",
  publisher = "MIT Press",
  month     =  mar,
  year      =  2022,
  address   = "London, England",
  language  = "en"
}
